=LDR  01108pam a22003491i 4500
=001  016748624
=003  Uk
=005  20180828021559.0
=006  m\\\\||\\d\|\\\\\\
=007  cr\|||||||||||
=008  140625s2014\\\\enk\\\\\o\\\\\0|0\0|eng\\
=FMT  \\$a  BK
=020  \\$z9781784122010
=040  \\$aUk$beng$cUk$dUk
=042  \\$aukblsr
=245  \4$aThe Scottish Police Authority Governance and Accountability Framework Document.
=264  \1$aEdinburgh :$bScottish Government,$c2014.
=300  \\$a1 online resource.
=336  \\$atext$2rdacontent
=337  \\$acomputer$2rdamedia
=338  \\$aonline resource$2rdacarrier
=856  40$uhttp://www.scotland.gov.uk/Resource/0044/00441788.pdf
=859  \\$aELD$bebook
=CAT  \\$a12664$b40$c20140625$lBLL01$h1623
=CAT  \\$a12664$b40$c20140625$lBLL01$h1631
=CAT  \\$aW1711-1225$c20171203$lBLL01$h1056
=CAT  \\$aBATCH-EBKO$b00$c20180828$lBLL01$h0211
=CAT  \\$aEBKS-FXD$c20180828$lBLL01$h0215
=CAT  \\$aBATCH$b00$c20180828$lBLL01$h0216
=FIN  \\$aY$d20180828
=DRT  \\$aLD-ebooks
=LAS  \\$aBATCH$b00$c20180828$lBLL01$h0216

